@article{Huaman2018,
	author  = "H. Wilber",
	title   = "¿{Q}ué es un autómata?",
	year    = "2018",
	url     = "https://medium.com/@maniakhitoccori/qu%C3%A9-es-un-aut%C3%B3mata-fbf309138755"
}

@article{Wikipedia2019,    
	title   = "{A}ut\'omata finito determinista",
	journal   = "Wikipedia",
	year    = "2019",
	url     = "https://es.wikipedia.org/wiki/Aut%C3%B3mata_finito_determinista"
}

@article{scrigroup2023,    
	title   = "{converitr un AFN en AFD}",
	journal   = "scrigroup",
	year    = "2023",                
	url     = "https://www.scrigroup.com/limba/spaniola/346/CONVERTIR-UN-AFN-EN-AFD13233.php"
}

@article{weblink,
	title   = "",
	
	url     = "https://developer.mozilla.org/en-US/docs/Learn/Common_questions/Web_mechanics/Pages_sites_servers_and_search_engines"
}